<record><leader>00000cas a22000007a 4500</leader><controlfield tag="001">14986051</controlfield><controlfield tag="008">861217d18911914inuwr ne      0    0eng d</controlfield><datafield ind1=" " ind2=" " tag="010"><subfield code="a">sn 86059119 </subfield></datafield><datafield ind1=" " ind2=" " tag="040"><subfield code="a">NPI</subfield><subfield code="b">eng</subfield><subfield code="c">NPI</subfield><subfield code="d">OCLCQ</subfield></datafield><datafield ind1=" " ind2=" " tag="042"><subfield code="a">msc</subfield></datafield><datafield ind1="0" ind2="4" tag="245"><subfield code="a">The Warren review.</subfield></datafield><datafield ind1=" " ind2=" " tag="260"><subfield code="a">Williamsport, Warren County, Ind. :</subfield><subfield code="b">Clifton &amp; Morrison,</subfield><subfield code="c">1891-1914.</subfield></datafield><datafield ind1=" " ind2=" " tag="310"><subfield code="a">Weekly</subfield></datafield><datafield ind1="0" ind2=" " tag="362"><subfield code="a">Vol. 1, no. 1 (Jan. 1, 1891)-v. 24, no. 42 (Oct. 15, 1914).</subfield></datafield><datafield ind1=" " ind2=" " tag="752"><subfield code="a">United States</subfield><subfield code="b">Indiana</subfield><subfield code="c">Warren</subfield><subfield code="d">Williamsport.</subfield></datafield><datafield ind1="0" ind2="7" tag="785"><subfield code="t">Warren Republican (Williamsport, Ind. : 1854)</subfield><subfield code="w">(DLC)sn 84038252</subfield></datafield><datafield ind1="0" ind2="7" tag="785"><subfield code="t">Review-Republican</subfield><subfield code="w">(DLC)sn 86058042</subfield></datafield></record>